<record><leader>00000cas a2200000 a 4500</leader><controlfield tag="001">22869970</controlfield><controlfield tag="008">901218d19091914iludn ne      0   a0eng c</controlfield><datafield ind1=" " ind2=" " tag="010"><subfield code="a">sn 90054148 </subfield></datafield><datafield ind1=" " ind2=" " tag="040"><subfield code="a">NVF</subfield><subfield code="b">eng</subfield><subfield code="c">NVF</subfield><subfield code="d">NVF</subfield><subfield code="d">DLC</subfield><subfield code="d">OCLCO</subfield></datafield><datafield ind1="1" ind2=" " tag="029"><subfield code="a">AU@</subfield><subfield code="b">000020630754</subfield></datafield><datafield ind1=" " ind2=" " tag="042"><subfield code="a">pcc</subfield></datafield><datafield ind1=" " ind2=" " tag="043"><subfield code="a">n-us-il</subfield></datafield><datafield ind1="0" ind2=" " tag="130"><subfield code="a">Daily blade (Fairbury, Ill. : 1909)</subfield></datafield><datafield ind1="1" ind2="4" tag="245"><subfield code="a">The daily blade.</subfield></datafield><datafield ind1="1" ind2="7" tag="246"><subfield code="a">Fairbury daily blade</subfield><subfield code="f">Sept. 2-5, 1913</subfield></datafield><datafield ind1=" " ind2=" " tag="260"><subfield code="a">Fairbury, Ill. :</subfield><subfield code="b">Fulton &amp; Sutton,</subfield><subfield code="c">1909-1914.</subfield></datafield><datafield ind1=" " ind2=" " tag="300"><subfield code="a">v.</subfield></datafield><datafield ind1=" " ind2=" " tag="310"><subfield code="a">Daily (during the annual Fairbury Agricultural Fair)</subfield></datafield><datafield ind1="0" ind2=" " tag="362"><subfield code="a">Sept. 8, 1909-Sept. 4, 1914.</subfield></datafield><datafield ind1=" " ind2="0" tag="650"><subfield code="a">Agricultural exhibitions</subfield><subfield code="z">Illinois</subfield><subfield code="z">Livingson</subfield><subfield code="z">Fairbury</subfield><subfield code="v">Newspapers.</subfield></datafield><datafield ind1=" " ind2="0" tag="651"><subfield code="a">Fairbury (Ill.)</subfield><subfield code="v">Newspapers.</subfield></datafield><datafield ind1=" " ind2=" " tag="752"><subfield code="a">United States</subfield><subfield code="b">Illinois</subfield><subfield code="c">Livingston</subfield><subfield code="d">Fairbury.</subfield></datafield><datafield ind1="0" ind2=" " tag="775"><subfield code="t">Blade (Fairbury, Ill. : Weekly)</subfield><subfield code="w">(DLC)sn 90054141</subfield><subfield code="w">(OCoLC)22869051</subfield></datafield><datafield ind1="0" ind2="0" tag="780"><subfield code="t">Blade (Fairbury, Ill. : 1907)</subfield><subfield code="w">(DLC)sn 90054147</subfield><subfield code="w">(OCoLC)22869815</subfield></datafield><datafield ind1="0" ind2="0" tag="785"><subfield code="t">Blade (Fairbury, Ill. : 1915)</subfield><subfield code="w">(DLC)sn 90054149</subfield><subfield code="w">(OCoLC)22870038</subfield></datafield></record>